@inproceedings{Stolberg,
 author = {Stolberg, Sean},
 title = {Enabling Agile Testing Through Continuous Integration},
 booktitle = {Proceedings of the 2009 Agile Conference},
 series = {AGILE '09},
 year = {2009},
 isbn = {978-0-7695-3768-9},
 pages = {369--374},
 numpages = {6},
 url = {http://dx.doi.org/10.1109/AGILE.2009.16},
 doi = {10.1109/AGILE.2009.16},
 acmid = {1632664},
 publisher = {IEEE Computer Society},
 address = {Washington, DC, USA},
 keywords = {Agile Testing, Continuous Integration, Agile, Automated Acceptance Tests, Automated Unit Tests},
}

@inproceedings{VasilescuYWDF15,
  author    = {Bogdan Vasilescu and
               Yue Yu and
               Huaimin Wang and
               Premkumar T. Devanbu and
               Vladimir Filkov},
  title     = {Quality and productivity outcomes relating to continuous integration
               in {GitHub}},
  booktitle = {Proceedings of the 2015 10th Joint Meeting on Foundations of Software
               Engineering, {ESEC/FSE} 2015, Bergamo, Italy, August 30 - September
               4, 2015},
  pages     = {805--816},
  year      = {2015},
  crossref  = {DBLP:conf/sigsoft/2015},
  url       = {http://doi.acm.org/10.1145/2786805.2786850},
  doi       = {10.1145/2786805.2786850},
  timestamp = {Thu, 10 Sep 2015 16:05:11 +0200},
  biburl    = {http://dblp.uni-trier.de/rec/bib/conf/sigsoft/VasilescuYWDF15},
  bibsource = {dblp computer science bibliography, http://dblp.org}
}
@proceedings{DBLP:conf/sigsoft/2015,
  editor    = {Elisabetta Di Nitto and
               Mark Harman and
               Patrick Heymans},
  title     = {Proceedings of the 2015 10th Joint Meeting on Foundations of Software
               Engineering, {ESEC/FSE} 2015, Bergamo, Italy, August 30 - September
               4, 2015},
  publisher = {{ACM}},
  year      = {2015},
  url       = {http://doi.acm.org/10.1145/2786805},
  doi       = {10.1145/2786805},
  isbn      = {978-1-4503-3675-8},
  timestamp = {Thu, 10 Sep 2015 15:29:14 +0200},
  biburl    = {http://dblp.uni-trier.de/rec/bib/conf/sigsoft/2015},
  bibsource = {dblp computer science bibliography, http://dblp.org}
}
@Inbook{Deshpande2008,
author="Deshpande, Amit
and Riehle, Dirk",
editor="Russo, Barbara
and Damiani, Ernesto
and Hissam, Scott
and Lundell, Bj{\"o}rn
and Succi, Giancarlo",
title="Continuous Integration in Open Source Software Development",
bookTitle="Open Source Development, Communities and Quality: IFIP 20th World Computer Congress, Working Group 2.3 on Open Source Software, September 7-10, 2008, Milano, Italy",
year="2008",
publisher="Springer US",
address="Boston, MA",
pages="273--280",
isbn="978-0-387-09684-1",
doi="10.1007/978-0-387-09684-1_23",
url="http://dx.doi.org/10.1007/978-0-387-09684-1_23"
}
@misc{Fowler,
  author = {Fowler, Martin},
  title = {Continuous Integration},
  howpublished = {\url{http://martinfowler.com/articles/continuousIntegration.html}},
  year = 2006,
  note = {Accessed: 2016-10-8}
}
@book{Duvall,
 author = {Duvall, Paul and Matyas, Stephen M. and Glover, Andrew},
 title = {Continuous Integration: Improving Software Quality and Reducing Risk (The Addison-Wesley Signature Series)},
 year = {2007},
 isbn = {0321336380},
 publisher = {Addison-Wesley Professional},
} 
@article{HolckJ03,
  author    = {Jesper Holck and
               Niels J{\o}rgensen},
  title     = {Continuous Integration and Quality Assurance: a case study of two
               open source projects},
  journal   = {Australasian J. of Inf. Systems},
  volume    = {11},
  number    = {1},
  year      = {2003},
  url       = {http://journal.acs.org.au/index.php/ajis/article/view/145},
  timestamp = {Mon, 08 Jun 2015 17:11:08 +0200},
  biburl    = {http://dblp.uni-trier.de/rec/bib/journals/ajis/HolckJ03},
  bibsource = {dblp computer science bibliography, http://dblp.org}
}
@inproceedings{Bowyer:2006:AUE:1134285.1134393,
 author = {Bowyer, Jon and Hughes, Janet},
 title = {Assessing Undergraduate Experience of Continuous Integration and Test-driven Development},
 booktitle = {Proceedings of the 28th International Conference on Software Engineering},
 series = {ICSE '06},
 year = {2006},
 isbn = {1-59593-375-1},
 location = {Shanghai, China},
 pages = {691--694},
 numpages = {4},
 url = {http://doi.acm.org.dianus.libr.tue.nl/10.1145/1134285.1134393},
 doi = {10.1145/1134285.1134393},
 acmid = {1134393},
 publisher = {ACM},
 address = {New York, NY, USA},
 keywords = {JUnit, agile practices, assessment process, continuous integration, software engineering education, test driven development},
}
